This file was created with JabRef 2.0.1.
Encoding: Cp1252

@article{DBLP:journals/corr/InsafutdinovPAA16,
  author    = {Eldar Insafutdinov and
               Leonid Pishchulin and
               Bjoern Andres and
               Mykhaylo Andriluka and
               Bernt Schiele},
  title     = {DeeperCut: {A} Deeper, Stronger, and Faster Multi-Person Pose Estimation
               Model},
  journal   = {CoRR},
  volume    = {abs/1605.03170},
  year      = {2016},
  url       = {http://arxiv.org/abs/1605.03170},
  archivePrefix = {arXiv},
  eprint    = {1605.03170},
  timestamp = {Mon, 13 Aug 2018 16:48:04 +0200},
  biburl    = {https://dblp.org/rec/bib/journals/corr/InsafutdinovPAA16},
  bibsource = {dblp computer science bibliography, https://dblp.org}
}

@article{humanmonocular,
  author    = {Gong W and
               Zhang X and
               Gonz√†lez J and
               Sobral A and
               Bouwmans T and
               Tu C and
               Zahzah EH},
  title     = {Human Pose Estimation from Monocular Images: A Comprehensive Survey},
  journal   = {PubMed},
  volume    = {PMID: 27898003},
  year      = {2016},
  url       = {https://www.ncbi.nlm.nih.gov/pubmed/27898003/},
    note     = {doi: \url{10.3390/s16121966}}
}
@article{DBLP:journals/corr/abs-1803-08225,
  author    = {George Papandreou and
               Tyler Zhu and
               Liang{-}Chieh Chen and
               Spyros Gidaris and
               Jonathan Tompson and
               Kevin Murphy},
  title     = {PersonLab: Person Pose Estimation and Instance Segmentation with a
               Bottom-Up, Part-Based, Geometric Embedding Model},
  journal   = {CoRR},
  volume    = {abs/1803.08225},
  year      = {2018},
  url       = {http://arxiv.org/abs/1803.08225},
  archivePrefix = {arXiv},
  eprint    = {1803.08225},
  timestamp = {Mon, 13 Aug 2018 16:47:18 +0200},
  biburl    = {https://dblp.org/rec/bib/journals/corr/abs-1803-08225},
  bibsource = {dblp computer science bibliography, https://dblp.org}
}

@article{coco2016,
  author    = {Lin and
               T.Y. and
               Cui and
               Y. and
               Patterson and
               Bourdev and
               Girshick and
               Dollr},
  title     = {Coco 2016 keypoint challenge},

  year      = {2016},

}
@article{DBLP:journals/corr/LiQDJW16,
  author    = {Yi Li and
               Haozhi Qi and
               Jifeng Dai and
               Xiangyang Ji and
               Yichen Wei},
  title     = {Fully Convolutional Instance-aware Semantic Segmentation},
  journal   = {CoRR},
  volume    = {abs/1611.07709},
  year      = {2016},
  url       = {http://arxiv.org/abs/1611.07709},
  archivePrefix = {arXiv},
  eprint    = {1611.07709},
  timestamp = {Mon, 13 Aug 2018 16:47:16 +0200},
  biburl    = {https://dblp.org/rec/bib/journals/corr/LiQDJW16},
  bibsource = {dblp computer science bibliography, https://dblp.org}
}

@article{DBLP:journals/corr/PapandreouZKTTB17,
  author    = {George Papandreou and
               Tyler Zhu and
               Nori Kanazawa and
               Alexander Toshev and
               Jonathan Tompson and
               Chris Bregler and
               Kevin P. Murphy},
  title     = {Towards Accurate Multi-person Pose Estimation in the Wild},
  journal   = {CoRR},
  volume    = {abs/1701.01779},
  year      = {2017},
  url       = {http://arxiv.org/abs/1701.01779},
  archivePrefix = {arXiv},
  eprint    = {1701.01779},
  timestamp = {Mon, 13 Aug 2018 16:47:16 +0200},
  biburl    = {https://dblp.org/rec/bib/journals/corr/PapandreouZKTTB17},
  bibsource = {dblp computer science bibliography, https://dblp.org}
}

@article{DBLP:journals/corr/CaoSWS16,
  author    = {Zhe Cao and
               Tomas Simon and
               Shih{-}En Wei and
               Yaser Sheikh},
  title     = {Realtime Multi-Person 2D Pose Estimation using Part Affinity Fields},
  journal   = {CoRR},
  volume    = {abs/1611.08050},
  year      = {2016},
  url       = {http://arxiv.org/abs/1611.08050},
  archivePrefix = {arXiv},
  eprint    = {1611.08050},
  timestamp = {Mon, 13 Aug 2018 16:47:26 +0200},
  biburl    = {https://dblp.org/rec/bib/journals/corr/CaoSWS16},
  bibsource = {dblp computer science bibliography, https://dblp.org}
}

@article{database2dhuman,
  author    = {Mykhaylo Andriluka and
               Leonid Pishchulin and
               Peter Gehler and
               Bernt Schiele},
  title     = {2D Human Pose Estimation: New Benchmark and State of the Art Analysis},

  year      = {2014},
  note      = {In CVPR}

}
